@article{jouvie2013estimation,
    title = {Estimation of the input function in dynamic positron emission
             tomography applied to fluorodeoxyglucose; Estimation de la fonction
             d'entree en tomographie par emission de positons dynamique:
             application au fluorodesoxyglucose},
    author = {Jouvie, Camille},
    year = {2013},
}
@inproceedings{irace2021bayesian,
    title = {Bayesian partial volume correction for image derived input function
             },
    author = {Irace, Zacharie and Merida, Ines and Gobert, Florent and Dailler,
              Frederic and Costes, Nicolas},
    booktitle = {JOURNAL OF CEREBRAL BLOOD FLOW AND METABOLISM},
    volume = {41},
    number = {1\_ SUPPL},
    pages = {229--229},
    year = {2021},
    organization = {SAGE PUBLICATIONS INC 2455 TELLER RD, THOUSAND OAKS, CA
                    91320 USA},
}

